@Manual{Mati2019a,
    title = {EviewsR: A Seamless Integration of {EViews} and {R}},
    author = {Sagiru Mati},
    year = {2019},
    note = {R package version 0.1.5},
    url = {https://CRAN.R-project.org/package=EviewsR},
  }

 @Article{Mati2019,
    title = {DynareR: Bringing the Power of Dynare to {R, R Markdown, and
Quarto}},
    author = {Sagiru Mati},
    year = {2019},
    journal = {CRAN},
    url = {https://CRAN.R-project.org/package=DynareR},
  }

 @Manual{Mati2019b,
    title = {gretlR: A Seamless Integration of {Gretl} and {R}},
    author = {Sagiru Mati},
    year = {2019},
    note = {R package version 0.1.4},
    url = {https://CRAN.R-project.org/package=gretlR},
  }

@Article{Mati2023,
  author    = {Sagiru Mati and Irfan Civcir and S. I. Abba},
  journal   = {The R Journal},
  title     = {{EviewsR}: An R Package for Dynamic and Reproducible Research Using {EViews}, R, R Markdown and Quarto},
  year      = {2023},
  month     = {nov},
  number    = {2},
  pages     = {169--205},
  volume    = {15},
  doi       = {10.32614/rj-2023-045},
  publisher = {The R Foundation},
}

@Comment{jabref-meta: databaseType:bibtex;}
